%% This BibTeX bibliography file was created using BibDesk.
%% http://bibdesk.sourceforge.net/

%% Created for Yuval Nissan at 2022-09-08 17:57:36 +0200 


%% Saved with string encoding Unicode (UTF-8) 



@article{sos,
	archiveprefix = {arXiv},
	author = {Tumasyan, Armen and others},
	collaboration = {CMS},
	date-added = {2022-09-08 17:57:14 +0200},
	date-modified = {2022-09-08 17:57:34 +0200},
	doi = {10.1007/JHEP04(2022)091},
	eprint = {2111.06296},
	journal = {JHEP},
	pages = {091},
	primaryclass = {hep-ex},
	reportnumber = {CMS-SUS-18-004, CERN-EP-2021-168},
	title = {{Search for supersymmetry in final states with two or three soft leptons and missing transverse momentum in proton-proton collisions at $ \sqrt{s} $ = 13 TeV}},
	volume = {04},
	year = {2022},
	bdsk-url-1 = {https://doi.org/10.1007/JHEP04(2022)091}}
